@misc{softwarelab,
  key          = {softwarelab},
  howpublished = {\url{https://softwarelab.org/it/exploit/}}
}

@misc{zerounoweb,
  key          = {zerounoweb},
  howpublished = {\url{https://www.zerounoweb.it/cloud-computing/}}
}

@misc{cybersecurity360,
  key          = {cybersecurity360},
  howpublished = {\url{https://www.cybersecurity360.it/soluzioni-aziendali/}}
}


@misc{geeksforgeeks,
  key          = {geeksforgeeks},
  howpublished = {\url{https://www.geeksforgeeks.org/nmap-command-in-linux-with-examples/}}
}

@misc{tryhackme,
  key          = {tryhackme},
  howpublished = {\url{https://tryhackme.com/room/snort/}}
}

@misc{extraordy,
  key          = {extraordy},
  howpublished = {\url{https://www.extraordy.com/}}
}

@misc{snort,
  key          = {snort},
  howpublished = {\url{https://www.snort.org/}}
}

@book{Snort:2020,
  author = {Milad Rezaei RD, Shatel group of companies October 13},
  title  = {Snort 2.9.16.1 on Centos 8},
  year   = {2020}
}

@book{FWSnort,
  author = {Michael Rash},
  title  = { Linux Firewalls},
  year   = {2007}
}

@book{AdvancedIDSTechniquest,
  author = {Rafeeq Ur Rehman},
  title  = {Intrusion Detection Systems with Snort: Advanced IDS Techniques Using Snort, Apache, MySQL, PHP, ACID}
}

@misc{manual-snort,
  key          = {manual-snort},
  howpublished = {\url{http://manual-snort-org.s3-website-us-east-1.amazonaws.com/node17.html/}}
}

@misc{upcloud,
  key          = {upcloud},
  howpublished = {\url{https://upcloud.com/resources/tutorials/installing-snort-on-centos/}}
}

@misc{cyvatar,
  key          = {cyvatar},
  howpublished = {\url{https://cyvatar.ai/write-configure-snort-rules/}}
}

@misc{techrepublic,
  key          = {techrepublic},
  howpublished = {\url{https://www.techrepublic.com/article/using-snort-for-intrusion-detection/}}
}

@misc{scapy,
  key          = {scapy},
  howpublished = {\url{https://scapy.readthedocs.io/en/latest/}}
}

@misc{frankfu,
  key          = {frankfu},
  howpublished = {\url{https://frankfu.click/security/ids/how-to-detect-nmap-scan-using-snort/}}
}

@article{smart,
  author  = {Rashidah Funke Olanrewaju, Burhan Ul Islam Khan*, Athaur Rahman Najeeb, Ku Nor Afiza Ku Zahir and Sabahat Hussain},
  title   = {Snort-Based Smart and Swift Intrusion Detection System},
  journal = {Indian Journal of Science and Technology},
  volume  = {11(4)},
  year    = {2018},
  doi     = {10.17485/ijst/2018/v11i4/120917},
  key     = {smart}
}




